<record><leader>00000cas a22000007a 4500</leader><controlfield tag="001">14200243</controlfield><controlfield tag="008">860910d185u185ucauuu ne      0    0eng d</controlfield><datafield ind1=" " ind2=" " tag="010"><subfield code="a">sn 86058104 </subfield></datafield><datafield ind1=" " ind2=" " tag="040"><subfield code="a">NPI</subfield><subfield code="b">eng</subfield><subfield code="c">NPI</subfield><subfield code="d">NYS</subfield><subfield code="d">OCLCQ</subfield></datafield><datafield ind1=" " ind2=" " tag="042"><subfield code="a">msc</subfield></datafield><datafield ind1="0" ind2="0" tag="245"><subfield code="a">Steamer herald.</subfield></datafield><datafield ind1=" " ind2=" " tag="260"><subfield code="a">Marysville, Calif. :</subfield><subfield code="b">L.W. Ransom</subfield></datafield><datafield ind1=" " ind2=" " tag="300"><subfield code="a">v. ;</subfield><subfield code="c">62 cm.</subfield></datafield><datafield ind1=" " ind2=" " tag="500"><subfield code="a">"For circulation in the Atlantic states."</subfield></datafield><datafield ind1=" " ind2=" " tag="588"><subfield code="a">Description based on: Vol. 2, no. 37 (June 15, 1854).</subfield></datafield><datafield ind1=" " ind2=" " tag="752"><subfield code="a">United States</subfield><subfield code="b">California</subfield><subfield code="c">Yuba</subfield><subfield code="d">Marysville.</subfield></datafield><datafield ind1="0" ind2=" " tag="775"><subfield code="t">Marysville herald (Marysville, Calif. : 1854)</subfield><subfield code="w">(DLC)sn 86058104</subfield></datafield></record>